<record><leader>00000cas a22000007a 4500</leader><controlfield tag="001">10788224</controlfield><controlfield tag="008">840530c18879999nyuwr ne      0    0eng d</controlfield><datafield ind1=" " ind2=" " tag="010"><subfield code="a">sn 84031278 </subfield></datafield><datafield ind1=" " ind2=" " tag="040"><subfield code="a">NYG</subfield><subfield code="b">eng</subfield><subfield code="c">NYG</subfield><subfield code="d">NYS</subfield><subfield code="d">OCLCQ</subfield></datafield><datafield ind1=" " ind2=" " tag="042"><subfield code="a">msc</subfield></datafield><datafield ind1="0" ind2="4" tag="245"><subfield code="a">The Andover news.</subfield></datafield><datafield ind1=" " ind2=" " tag="260"><subfield code="a">Andover, N.Y. :</subfield><subfield code="b">Norris &amp; Tucker</subfield></datafield><datafield ind1=" " ind2=" " tag="300"><subfield code="a">v. :</subfield><subfield code="b">ill.</subfield></datafield><datafield ind1=" " ind2=" " tag="310"><subfield code="a">Weekly</subfield></datafield><datafield ind1="1" ind2=" " tag="362"><subfield code="a">Began in 1887.</subfield></datafield><datafield ind1=" " ind2=" " tag="500"><subfield code="a">Published on Wednesday.</subfield></datafield><datafield ind1=" " ind2=" " tag="500"><subfield code="a">Editors: Norris &amp; Tucker, &lt;1887&gt;.</subfield></datafield><datafield ind1=" " ind2=" " tag="588"><subfield code="a">Description based on: Vol. 1, no. 2 (Sept. 7, 1887).</subfield></datafield><datafield ind1=" " ind2="4" tag="651"><subfield code="a">Andover (N.Y.)</subfield><subfield code="v">Newspapers.</subfield></datafield><datafield ind1=" " ind2=" " tag="752"><subfield code="a">United States</subfield><subfield code="b">New York</subfield><subfield code="c">Allegany</subfield><subfield code="d">Andover.</subfield></datafield><datafield ind1=" " ind2=" " tag="936"><subfield code="a">Dec. 27, 1978</subfield></datafield></record>